@string{sissc = "{SIAM} J. Sci. Stat. Comput."}
@string{sinum = "{SIAM} J. Numer. Anal."}
@string{siopt = "{SIAM} J. Opt."}
@string{simax = "{SIAM} J. Mat. Anal."}
@string{toms = "ACM Transactions on Mathematical Software"}
@string{snl = "Sandia National Laboratories"}
@string{nlaa = "Numer. Linear Algebra Appl."}

@manual{NASTRAN67,
     title = "{MSC/NASTRAN} User Manual",
     organization = "MacNeal-Schwendler Corporation",
     edition = "Version 67",
     year = 1992}

@manual{LIBSCI60,
     title = "Volume 3:  {UNICOS} Math and Scientific Library Reference
              Manual ({SR}-2081)",
     author = "John Madsen",
     organization = "Cray Research, Inc.",
     edition = "Version 6.0",
     year = 1990}

@manual{LIBSCI80,
     title = "Volume 3:  {UNICOS} Math and Scientific Library Reference
              Manual ({SR}-2081)",
     author = "David Prigge",
     organization = "Cray Research, Inc.",
     edition = "Version 8.0",
     year = 1992}

@inproceedings{BarrLaCrRein91,
     title  = "Exploiting Fine-Grain Parallelism in a Multiprogramming
               Environment on {CRAY} {Y-MP} Computer Systems",
     author = "Frank Barriuso and Suzanne LaCroix and Steve
               Reinhardt",
     booktitle = "Proceedings of 1991 Cray Technical Symposium",
     month = "June",
     year = 1991}

@techreport{Domi90,
     title = "The Almond Test Body",
     author = "A. Dominek",
     institution = "ElectroScience Laboratory, The Ohio State
                    University",
     number = "721929-9",
     month = "February",
     year = 1990}

@misc{Guis93,
      note = "Personal communication",
      author = "Pierre Guisset",
      month = "May",
      year = 1993}

@book{High93,
     title = "{Handbook of Writing for the Mathematical Sciences}",
     author = "Nicholas J. Higham",
     publisher = "SIAM",
     year = 1993}

@book{KnotShaefferTuley,
     title = "{Radar Cross Section}",
     author = "E. F. Knott and J. F. Shaeffer and M. T. Tuley",
     publisher = "Artech House, Inc.",
     year = 1985}

@book{Lamp86,
     title = "{LaTeX User's Guide and Reference Manual}",
     author = "Leslie Lamport",
     publisher = "Addison-Wesley",
     year = 1986}

@article{PolyKuck87,
     title = "Guided Self-Scheduling:  A Practical Scheduling Scheme
              for Parallel Supercomputers",
     author = "Constantine D. Polychronopoulos and David J. Kuck",
     journal = "{IEEE} Transactions on Computers",
     volume = "C-36",
     number = 12,
     pages = "1425--1439",
     month = "December",
     year = 1987}

@techreport{MPSalsa-Theory,
     title = "{MPSalsa}: A FINITE ELEMENT COMPUTER PROGRAM FOR REACTING 
              FLOW PROBLEMS PART 1 - THEORETICAL DEVELOPMENT",
     author = "John N. Shadid and Harry K. Moffat and Scott A.
               Hutchinson and Gary L.  Hennigan and Karen D. Devine 
               and Andrew G. Salinger",
     institution = "Sandia National Laboratories",
     number = "SAND95--2752",
     year = 1995}

@techreport{MPSalsa-User-Guide,
     title = "{MPSalsa}: A FINITE ELEMENT COMPUTER PROGRAM FOR REACTING 
              FLOW PROBLEMS PART 2 - USER'S GUIDE",
     author = "A. Salinger and K. Devine and G. Hennigan and H. Moffat
               and S. Hutchinson and J. Shadid",
     institution = "Sandia National Laboratories",
     number = "SAND96--2331",
     year = 1996}

@article{BrowSaad90,
title = "Hybrid Krylov Methods for Nonlinear sytems of equations",
author = "P.~N. Brown and Y.~Saad",
journal=sissc,
volume = 11, 
pages = "450--81", 
year=1990}

@article{BrowSaad94,
title = "Hybrid Krylov Methods for Nonlinear sytems of equations",
author = "P.~N. Brown and Y.~Saad",
journal=siopt,
volume = 4, 
pages = "297--330", 
year=1994}

@article{DayHero2001,
     title = "Solving Complex-Valued Linear Systems via Equivalent
              Real Formulations",
     author = "David Day and Michael A. Heroux",
     journal = sisc,
     volume = "23",
     number = "2",
     pages = "480--498",
     year = 2001}

@techreport{FEI-manual,
      title = "An Annoated Reference Guide to the Finite-Element Interface (FEI) Specification 
               Version 1.0",
     author = "Robert L.~Clay and Kyran D.~Mish and Ivan J.~ Otero and Lee M.~Taylor and Alan B.~Williams",
institution = snl,
     number = "SAND99-8229",
       year = 1999}

@inproceedings{GockSyme96,
     author = "M.~S.~Gockenbach and W.~W.~Symes",
     year = 1996,
     title = "The {H}ilbert class library: a library of abstract c++ classes for optimization 
              and inversion",
     booktitle = "Fourth Object Oriented Numerics Conference: OON-SCI'96 Proceedings"}

@misc{matlab-arpack,
     title = "Matlab documentation for {\bf eigs}: Computes eigenvalue and
eigenvectors.",
     note = "http://www.mathworks.com/access/helpdesk/help/techdoc/ref/eigs.shtml"}

@misc{gnu-license-site,
     title = "Gnu License Home Page",
     note = "http://www.gnu.org/licenses/licenses.html"}

@misc{BCSLIB-site,
     title = "{BCSLIB-EXT} Home Page",
     note = "http://www.boeing.com/assocproducts/bcslib-ext/"}

@misc{rdmag-site,
     title = "{R\&D} Magazine Home Page",
     note = "http://www.rdmag.com"}

@misc{NAG-site,
     title = "Numerical Algorithms Group Home Page",
     note = "http://www.nag.co.uk"}

@misc{TNT-site,
     author = "R.~Pozo",
     title = "Template Numerical Toolkit (TNT) for Linear Algebra.", 
     note = "http://math.nist.gov/tnt"}

@misc{ESI-site,
     author = "R.~L.~Clay and et. al.",
     title = "Equation Solver Interface Working Group Web page", 
     note = "http://z.ca.sandia.gov/esi"}

@misc{NIMROD-site,
     author = "C.~Sovinec and et. al.",
     title = "NIMROD Web page", 
     note = "http://nimrodteam.org"}

@manual{LOCA,
     title = "{LOCA} 1.0 Library of Continuation Algorithms: Theory and Implemetation Manual",
     author = "A.~G.~Salinger and R.~P.~Pawlowski and L.~A.~Romero and E.~D.~Wilkes",
     organization = snl,
     year = 2001,
     edition = "1.0"}


@book{Stroustrup,
     author = "Bjarne Stroustrup",
     title = "The {C++} Programming Language",
     publisher = "Addison-Wesley",
     year = 2000}

@TechReport{Schunk:etal:1997,
  author =      "P. R. Schunk and P. A. Sackinger and R. R. Rao and
            K. S. Chen and R. A. Cairncross and T. A. Baer and
            D. A. Labreche",
  title =       "GOMA 2.0: A Full-Newton Finite Element Program for
            Free and Moving Boundary Problems with Coupled
            Fluid/Solid Momentum, Energy, Mass, and Chemical
            Species Transport: User's Guide",
  institution = snl,
  year =   1997,
  number =      "SAND97-2404",
  address =     "Albuquerque, New Mexico"
}

@inproceedings{SiekLums98,
     title = "The matrix template library: A generic programming approach to high performance 
              numerical linear algebra",
     author = "J.~G.~Siek and A.~Lumsdaine",
     booktitle = "International Symposium on Computing in Object-Oriented Parallel Environments",
     year = 1998}

@article{MoreMidkGuptArtiWuAlma2001,
  title = "The {NINJA} Project",
  author = "J.~E.~Moreira and S.~P.~Midkiff and M.~Gupta and P.~V.~Artigas and P.~Wu and G.~Almasi",
  journal = "Communications of the {ACM}",
  volume = 44,
  number = 10,
  month = "October",
  year = 2001} 

@article{CarpGetoJuddSkjeFox2000,
     title = "{MPJ:} {MPI}-like message passing for Java",
     author = "B.~Carpenter and V.~Getov and G.~Judd and A.~Skjellum and G.~Fox",
     journal = "Concurrency:  Pract. Exper.",
     volume = 12,
     number = 11,
     month = "September",
     year = 2000,
     pages = "1019--1038"}


@book{MPI,
     title = "{MPI}-The Complete Reference, Volume 1, The {MPI} core",
     author = "M.~Snir and S.~Otto and S.~Huss-Lederman and D.~Walker and J.~Dongarra",
     publisher = "The {MIT} Press",
     year = 1998}

@misc{JNI-site,
     author = "Sun Microsystems",
     title = "Java Native Interface",
     note = "http://java.sun.com/products/jdk/1.2/docs/guide/jni"}

@misc{SCIMARK-site,
     author = "R.~Pozo and B.~Miller",
     title = "{SciMark} 2.0",
     note = "http://math.nist.gov/scimark2/"}

@book{arpack,
title = "{ARPACK} Users' Guide",
author = "R.~B.~Lehoucq and D.~C.~Sorenson and C.~Yang",
publisher = "{SIAM}",
year = 1998}

@techreport{zoltan-ug,
title = "Zoltan: A dynamic load-balancing library for parallel applications -- user's
        guide",
author = "K.~D.~Devine and B.~A.~Hendrickson and E.~G.~Boman and M.~M.~St. John and
         C.~Vaughan",
institution = snl,
year = 1999,
number = "SAND99-1377",
address = "Albuquerque, NM"}

@article{AxelKapo2001,
title = "Error norm estimation and stopping criteria in preconditioned conjugate
         gradient iterations",
author = "O.~Axelsson and I.~Kaporin",
journal = nlaa,
volume = 8,
pages = "265--286",
year = 2001}

@string{SIMAX   = "SIAM J. Matrix Analysis and Applications"}
@article{leso:96,
   author = "R. B. Lehoucq and D. C. Sorensen",
   year = "1996",
   title = "Deflation techniques for an Implicitly Restarted
            {A}rnoldi Iteration",
   journal = SIMAX,
   pages = "789--821",
   volume = "17",
   number = "4",
   month = "October",
}

@string{CPC     = "Computer Physics Communications"}
@article{lgzl:98,
   year="1998",
   author = "R. B. Lehoucq and S. K. Gray and D. H. Zhang and
             J. C. Light",
   title = "Vibrational Eigenstates of Four-Atom Molecules:
            A Parallel Strategy Employing the Implicitly
            Restarted {L}anczos Method",
   journal = CPC,
   volume = "109",
   pages = "15--26",
}

@TECHREPORT{bele:01,
  author =       {J. K. Bennighof and R. B. Lehoucq},
  title =        {An Automated Multilevel Substructuring Method for
Eigenspace
Computation in Linear Elastodynamics},
  institution =  {Sandia National Laboratories},
  year =         {2001},
  number =       {2001-3279J},
  address =      {Albuquerque, NM},
  note  =        {Submitted to SISC},
}


@techreport{VastBiss:2003,
     author = "Brendan Vastenhouw and Rob H. Bisseling",
     title = "A Two-dimensional data distribution method for parallel sparse matrix-vector multiplcation",
    institution = "Utrect University",
    address = "Utrecht, The Netherlands",
    year = 2003}
@inproceedings{CataAyka:2001,
     title = "A hypergraph-partitioning approach for coarse-grain decomposition",
     author = "U. V. Catalyurek and C. Aykanat",
     booktitle = "Proceedings of {SC2001}",
     publisher = "ACM",
     year = "2001"}

@article{ElmaHowlShadTumi:2002,
     title = "A Parallel Block Multi-level Preconditioner for the 3D Incompressible Navier-Stokes Equations",
     author = "Howard Elman and V. E. Howle and John Shadid and Ray Tuminaro",
     journal = jcp,
     note = "Submitted",
     year = 2002}

@article{KellGoulWath:2000,
     title = "Constraint Preconditioning for Indefinite Linear Systems",
     author = "Carsten Keller, Nicholas I. M. Gould, Andrew J. Wathen",
     journal = simax,
     volume = 21,
     number = 4,
     pages = "1300--1317",
     year = 2000}

@techreport{VaneBrezMand:1998,
     title = "Convergence of Algebraic Multigrid Based Smoothed Aggregation",
     author = "P. Vanek and M. Brezina and J. Mandel",
     number = 126,
     institution = "{UCD/CCM}",
     address = "Denver, {CO}",
     year = 1998}
